2155 3296
782 725 1142 780 PRAEFATIO.

282 919 422 961 Finita
458 917 629 972 Iosephi
669 917 855 960 editione
886 931 996 961 nunc
1026 917 1209 960 indicem
1250 931 1459 973 propono,
1501 919 1544 960 in
1585 932 1667 972 quo
1700 920 1758 961 in-

167 989 264 1027 sunt
286 990 326 1027 et
346 986 518 1028 nomina
540 986 682 1028 omnia
709 989 750 1027 et
780 998 846 1028 res
877 985 1088 1039 quaedam
1109 986 1297 1040 potiores
1324 984 1600 1039 superaddita
1630 987 1758 1040 scrip-

169 1056 305 1094 torum
336 1053 482 1095 tabula
512 1066 669 1107 eorum,
703 1052 854 1107 quibus
885 1052 1093 1107 Iosephus
1122 1066 1168 1096 se
1203 1066 1322 1095 usum
1355 1065 1447 1095 esse
1477 1051 1643 1096 fatetur.

279 1119 333 1161 Et
363 1124 408 1161 ut
438 1120 480 1162 in
511 1121 725 1163 uolumine
755 1123 897 1173 sexto,
938 1121 999 1163 sic
1038 1121 1080 1162 in
1119 1120 1200 1163 hoc
1231 1119 1370 1163 indice
1401 1119 1663 1163 conficiendo
1694 1134 1758 1163 so·

166 1186 276 1229 cium
317 1185 468 1242 habui,
510 1188 582 1241 qui
621 1191 820 1242 suscepta
859 1188 999 1241 operis
1029 1192 1151 1242 parte
1180 1188 1339 1230 laboris
1371 1201 1475 1230 onus
1507 1189 1758 1230 subleuauit.

165 1266 263 1295 nam
289 1253 531 1297 Fridericus
553 1254 794 1297 Schemann
816 1254 1028 1308 Hagensis
1050 1255 1336 1308 Antiquitates
1367 1255 1562 1298 Iudaicas
1593 1261 1761 1309 praeter

163 1315 320 1363 librum
340 1321 434 1375 XV,
467 1321 624 1364 deinde
646 1322 786 1365 Vitam
807 1322 980 1377 Iosephi
1007 1327 1048 1365 et
1079 1323 1209 1365 libros
1234 1325 1379 1366 contra
1399 1323 1608 1377 Apionem
1630 1324 1760 1377 scrip-

166 1391 232 1431 tos
264 1390 498 1444 excerpsit,
539 1402 618 1443 ego
650 1403 750 1432 uero
782 1390 959 1444 reliqua,
991 1390 1094 1433 belli
1123 1390 1287 1432 Iudaici
1319 1389 1537 1432 historiam
1571 1395 1611 1433 et
1640 1390 1758 1433 Anti-

167 1456 374 1509 quitatum
418 1457 572 1499 librum
607 1456 688 1499 XV
732 1458 968 1511 percensui.
1040 1462 1127 1500 tum
1171 1471 1225 1500 ex
1271 1456 1526 1500 Schemanni
1570 1457 1761 1511 meisque

166 1522 381 1566 schedulis
421 1522 531 1567 hunc
562 1523 746 1567 indicem
787 1525 1026 1578 composui,
1070 1538 1196 1579 quem
1225 1525 1463 1578 legentibus
1494 1525 1640 1567 utilem
1671 1525 1760 1567 fore

166 1589 353 1644 confido,
385 1603 641 1645 quamquam
673 1605 758 1634 non
788 1605 879 1635 sum
909 1593 1077 1635 nescius
1110 1605 1205 1635 eum
1235 1605 1319 1634 non
1350 1593 1545 1635 omnibus
1575 1592 1760 1635 numeris

168 1670 261 1701 esse
297 1658 558 1712 absolutum;
597 1658 747 1701 modus
788 1660 901 1701 enim
935 1658 1203 1702 adhibendus
1243 1664 1350 1713 erat,
1389 1672 1442 1702 ne
1477 1660 1676 1702 uolumen
1718 1660 1760 1701 in

166 1725 342 1767 nimium
372 1725 577 1768 ambitum
610 1730 832 1768 cresceret.
892 1730 1079 1769 ceterum
1111 1728 1310 1781 quoniam
1332 1727 1466 1769 multa
1485 1728 1656 1769 nomina
1677 1727 1759 1770 He-

167 1793 311 1835 braica
350 1805 405 1835 ex
433 1792 605 1846 Iosephi
643 1793 762 1836 libris
801 1794 1048 1837 melioribus
1087 1808 1114 1837 a
1148 1807 1216 1837 me
1256 1799 1430 1847 recepta
1460 1795 1546 1836 alia
1585 1799 1681 1838 sunt
1710 1808 1760 1837 ac

165 1861 293 1914 uulgo
330 1860 457 1903 scribi
487 1861 646 1915 solent,
686 1865 731 1904 ut
762 1862 1063 1914 quaerentibus
1093 1862 1385 1915 subuenirem,
1424 1862 1622 1916 uulgares
1659 1875 1758 1916 quo-

166 1940 247 1981 que
268 1928 422 1970 formas
445 1932 486 1970 et
506 1929 648 1971 uarias
669 1929 873 1971 lectiones
894 1930 1081 1983 potiores
1107 1930 1150 1971 in
1171 1929 1355 1972 indicem
1376 1929 1533 1983 recepi.
1576 1928 1760 1982 denique

165 2008 291 2049 quam
322 1996 441 2049 potui
463 2008 638 2049 operam
670 1995 783 2050 dedi,
815 2001 860 2038 ut
890 1996 944 2038 ab
976 1997 1188 2040 erroribus
1210 2009 1418 2051 canerem,
1451 2009 1627 2050 quorum
1655 2009 1760 2050 quos

165 2063 257 2118 ipse
286 2062 550 2117 deprehendi
582 2064 691 2106 infra
720 2076 947 2118 apponam.

279 2140 445 2184 Dabam
476 2142 693 2196 Marburgi
723 2156 760 2184 a.
784 2141 824 2184 d.
847 2142 910 2184 III
941 2142 998 2185 id.
1030 2142 1172 2186 Iunias
1207 2144 1327 2186 1895.

1168 2265 1457 2310 Benedictus
1488 2265 1646 2310 Niese.
