<?xml version="1.0" encoding="UTF-8"?>
<!DOCTYPE html PUBLIC "-//W3C//DTD XHTML 1.0 Transitional//EN"
    "http://www.w3.org/TR/xhtml1/DTD/xhtml1-transitional.dtd">
<html xmlns="http://www.w3.org/1999/xhtml" xml:lang="en" lang="en">
 <head>
  <title>
</title>
<meta http-equiv="Content-Type" content="text/html;charset=utf-8" />
  <meta name='ocr-system' content='tesseract 3.04.00' />
  <meta name='ocr-capabilities' content='ocr_page ocr_carea ocr_par ocr_line ocrx_word'/>
</head>
<body>
  <div class='ocr_page' id='page_1' title='image "./operajosephus07joseuoft_0012.png"; bbox 0 0 2155 3296; ppageno 0'>
   <div class='ocr_carea' id='block_1_1' title="bbox 332 908 1921 1348">
    <p class='ocr_par' dir='ltr' id='par_1_1' title="bbox 332 908 1921 1290">
     <span class='ocr_line' id='line_1_1' title="bbox 432 908 1920 956; baseline 0.003 -12"><span class='ocrx_word' id='word_1_1' title='bbox 432 909 482 945; x_wconf 56' lang='lat' dir='ltr'><strong>&gt;N</strong></span> <span class='ocrx_word' id='word_1_2' title='bbox 487 909 598 944; x_wconf 83' lang='lat' dir='ltr'><strong>umeri</strong></span> <span class='ocrx_word' id='word_1_3' title='bbox 621 908 774 944; x_wconf 84' lang='lat' dir='ltr'><strong>Romani</strong></span> <span class='ocrx_word' id='word_1_4' title='bbox 795 908 918 951; x_wconf 89' lang='lat' dir='ltr'><strong>libros,</strong></span> <span class='ocrx_word' id='word_1_5' title='bbox 946 909 1094 944; x_wconf 84' lang='lat' dir='ltr'>Arabici</span> <span class='ocrx_word' id='word_1_6' title='bbox 1118 911 1363 954; x_wconf 84' lang='lat' dir='ltr'><strong>paragraphos</strong></span> <span class='ocrx_word' id='word_1_7' title='bbox 1389 910 1555 945; x_wconf 82' lang='lat' dir='ltr'><strong>editionis</strong></span> <span class='ocrx_word' id='word_1_8' title='bbox 1579 921 1680 947; x_wconf 86' lang='lat' dir='ltr'><strong>meae</strong></span> <span class='ocrx_word' id='word_1_9' title='bbox 1705 912 1920 956; x_wconf 82' lang='lat' dir='ltr'><strong>significant.</strong></span> 
     </span>
     <span class='ocr_line' id='line_1_2' title="bbox 332 975 1920 1022; baseline 0.003 -10"><span class='ocrx_word' id='word_1_10' title='bbox 332 977 486 1012; x_wconf 83' lang='lat' dir='ltr'><strong>Romani</strong></span> <span class='ocrx_word' id='word_1_11' title='bbox 521 976 660 1011; x_wconf 88' lang='lat' dir='ltr'><strong>numeri</strong></span> <span class='ocrx_word' id='word_1_12' title='bbox 695 975 791 1010; x_wconf 89' lang='lat' dir='ltr'><strong>nude</strong></span> <span class='ocrx_word' id='word_1_13' title='bbox 825 976 935 1020; x_wconf 88' lang='lat' dir='ltr'><strong>positi</strong></span> <span class='ocrx_word' id='word_1_14' title='bbox 959 975 1131 1019; x_wconf 74' lang='lat' dir='ltr'>(I-XX)</span> <span class='ocrx_word' id='word_1_15' title='bbox 1168 977 1214 1011; x_wconf 86' lang='lat' dir='ltr'><strong>ad</strong></span> <span class='ocrx_word' id='word_1_16' title='bbox 1249 977 1516 1022; x_wconf 82' lang='lat' dir='ltr'><strong>Antiquitatum</strong></span> <span class='ocrx_word' id='word_1_17' title='bbox 1545 978 1774 1015; x_wconf 84' lang='lat' dir='ltr'><strong>Iudaicarum</strong></span> <span class='ocrx_word' id='word_1_18' title='bbox 1808 981 1920 1017; x_wconf 88' lang='lat' dir='ltr'><strong>libros</strong></span> 
     </span>
     <span class='ocr_line' id='line_1_3' title="bbox 332 1040 1920 1093; baseline 0.004 -15"><span class='ocrx_word' id='word_1_19' title='bbox 332 1046 509 1088; x_wconf 86' lang='lat' dir='ltr'><strong>spectant,</strong></span> <span class='ocrx_word' id='word_1_20' title='bbox 551 1040 609 1077; x_wconf 78' lang='lat' dir='ltr'><strong>Vit</strong></span> <span class='ocrx_word' id='word_1_21' title='bbox 626 1042 804 1087; x_wconf 86' lang='lat' dir='ltr'><strong>significat</strong></span> <span class='ocrx_word' id='word_1_22' title='bbox 819 1042 940 1078; x_wconf 86' lang='lat' dir='ltr'><strong>Vitam</strong></span> <span class='ocrx_word' id='word_1_23' title='bbox 956 1043 1103 1088; x_wconf 86' lang='lat' dir='ltr'><strong>Iosephi</strong></span> <span class='ocrx_word' id='word_1_24' title='bbox 1119 1044 1197 1084; x_wconf 72' lang='lat' dir='ltr'><strong>(Vic</strong></span> <span class='ocrx_word' id='word_1_25' title='bbox 1222 1047 1375 1088; x_wconf 85' lang='lat'><strong>1—430),</strong></span> <span class='ocrx_word' id='word_1_26' title='bbox 1400 1045 1431 1080; x_wconf 86' lang='grc' dir='ltr'><em>Α</em></span> <span class='ocrx_word' id='word_1_27' title='bbox 1456 1045 1567 1080; x_wconf 88' lang='lat' dir='ltr'><strong>libros</strong></span> <span class='ocrx_word' id='word_1_28' title='bbox 1593 1049 1720 1082; x_wconf 86' lang='lat' dir='ltr'><strong>contra</strong></span> <span class='ocrx_word' id='word_1_29' title='bbox 1743 1048 1920 1093; x_wconf 89' lang='lat' dir='ltr'><strong>Apionem</strong></span> 
     </span>
     <span class='ocr_line' id='line_1_4' title="bbox 333 1110 1921 1154; baseline 0.004 -9"><span class='ocrx_word' id='word_1_30' title='bbox 333 1111 486 1154; x_wconf 83' lang='lat' dir='ltr'><strong>scriptos</strong></span> <span class='ocrx_word' id='word_1_31' title='bbox 519 1111 562 1151; x_wconf 88' lang='lat' dir='ltr'><strong>(A</strong></span> <span class='ocrx_word' id='word_1_32' title='bbox 579 1111 597 1145; x_wconf 95' lang='lat' dir='ltr'>I</span> <span class='ocrx_word' id='word_1_33' title='bbox 621 1111 651 1145; x_wconf 83' lang='lat' dir='ltr'><em>A</em></span> <span class='ocrx_word' id='word_1_34' title='bbox 668 1111 734 1154; x_wconf 80' lang='grc' dir='ltr'>ΙΙ),</span> <span class='ocrx_word' id='word_1_35' title='bbox 772 1110 806 1145; x_wconf 88' lang='grc' dir='ltr'><em>Β</em></span> <span class='ocrx_word' id='word_1_36' title='bbox 835 1110 968 1145; x_wconf 90' lang='lat' dir='ltr'><strong>bellum</strong></span> <span class='ocrx_word' id='word_1_37' title='bbox 1003 1110 1190 1146; x_wconf 88' lang='lat' dir='ltr'><strong>Iudaicum</strong></span> <span class='ocrx_word' id='word_1_38' title='bbox 1225 1111 1273 1150; x_wconf 88' lang='grc' dir='ltr'><strong>(Β</strong></span> <span class='ocrx_word' id='word_1_39' title='bbox 1298 1112 1419 1147; x_wconf 87' lang='lat' dir='ltr'>I-—B</span> <span class='ocrx_word' id='word_1_40' title='bbox 1443 1112 1534 1154; x_wconf 82' lang='lat' dir='ltr'>VII).</span> <span class='ocrx_word' id='word_1_41' title='bbox 1582 1113 1682 1149; x_wconf 89' lang='lat' dir='ltr'><strong>locos</strong></span> <span class='ocrx_word' id='word_1_42' title='bbox 1718 1125 1759 1149; x_wconf 92' lang='lat' dir='ltr'><strong>eo</strong></span> <span class='ocrx_word' id='word_1_43' title='bbox 1796 1116 1921 1151; x_wconf 84' lang='lat' dir='ltr'><strong>ordine</strong></span> 
     </span>
     <span class='ocr_line' id='line_1_5' title="bbox 334 1177 1921 1227; baseline 0.004 -15"><span class='ocrx_word' id='word_1_44' title='bbox 334 1177 528 1222; x_wconf 79' lang='lat' dir='ltr'><strong>descripsi,</strong></span> <span class='ocrx_word' id='word_1_45' title='bbox 560 1180 601 1213; x_wconf 89' lang='lat' dir='ltr'><strong>ut</strong></span> <span class='ocrx_word' id='word_1_46' title='bbox 624 1177 776 1222; x_wconf 78' lang='lat' dir='ltr'><strong>primum</strong></span> <span class='ocrx_word' id='word_1_47' title='bbox 801 1177 1082 1222; x_wconf 85' lang='lat' dir='ltr'><strong>Antiquitatum,</strong></span> <span class='ocrx_word' id='word_1_48' title='bbox 1114 1179 1197 1214; x_wconf 87' lang='lat' dir='ltr'><strong>dein</strong></span> <span class='ocrx_word' id='word_1_49' title='bbox 1221 1178 1346 1222; x_wconf 80' lang='lat' dir='ltr'><strong>Vitae,</strong></span> <span class='ocrx_word' id='word_1_50' title='bbox 1371 1182 1446 1214; x_wconf 89' lang='lat' dir='ltr'><strong>tum</strong></span> <span class='ocrx_word' id='word_1_51' title='bbox 1470 1180 1642 1216; x_wconf 83' lang='lat' dir='ltr'><strong>librorum</strong></span> <span class='ocrx_word' id='word_1_52' title='bbox 1665 1182 1921 1227; x_wconf 87' lang='lat' dir='ltr'><strong>Apioneorum,</strong></span> 
     </span>
     <span class='ocr_line' id='line_1_6' title="bbox 334 1244 1154 1290; baseline -0.001 -10"><span class='ocrx_word' id='word_1_53' title='bbox 334 1245 487 1290; x_wconf 88' lang='lat' dir='ltr'><strong>denique</strong></span> <span class='ocrx_word' id='word_1_54' title='bbox 520 1245 603 1280; x_wconf 88' lang='lat' dir='ltr'><strong>belli</strong></span> <span class='ocrx_word' id='word_1_55' title='bbox 634 1245 773 1280; x_wconf 86' lang='lat' dir='ltr'><strong>Iudaici</strong></span> <span class='ocrx_word' id='word_1_56' title='bbox 802 1244 901 1281; x_wconf 86' lang='lat' dir='ltr'><strong>locos</strong></span> <span class='ocrx_word' id='word_1_57' title='bbox 926 1255 1154 1290; x_wconf 83' lang='lat' dir='ltr'><strong>apponerem.</strong></span> 
     </span>
    </p>

    <p class='ocr_par' dir='ltr' id='par_1_2' title="bbox 447 1312 1195 1348">
     <span class='ocr_line' id='line_1_7' title="bbox 447 1312 1195 1348; baseline 0.001 -2"><span class='ocrx_word' id='word_1_58' title='bbox 447 1312 620 1347; x_wconf 84' lang='lat' dir='ltr'><strong>Breuiata</strong></span> <span class='ocrx_word' id='word_1_59' title='bbox 643 1323 722 1348; x_wconf 86' lang='lat' dir='ltr'><strong>esse</strong></span> <span class='ocrx_word' id='word_1_60' title='bbox 747 1312 863 1348; x_wconf 83' lang='lat' dir='ltr'><strong>solent</strong></span> <span class='ocrx_word' id='word_1_61' title='bbox 887 1312 1066 1348; x_wconf 85' lang='lat' dir='ltr'><strong>uocabula</strong></span> <span class='ocrx_word' id='word_1_62' title='bbox 1089 1314 1195 1347; x_wconf 83' lang='lat' dir='ltr'><strong>haec:</strong></span> 
     </span>
    </p>
   </div>
   <div class='ocr_carea' id='block_1_2' title="bbox 805 1413 1455 1581">
    <p class='ocr_par' dir='ltr' id='par_1_3' title="bbox 805 1413 1455 1581">
     <span class='ocr_line' id='line_1_8' title="bbox 807 1413 1455 1458; baseline 0 -11"><span class='ocrx_word' id='word_1_63' title='bbox 807 1413 899 1448; x_wconf 90' lang='lat' dir='ltr'><strong>coni.</strong></span> <span class='ocrx_word' id='word_1_64' title='bbox 925 1429 969 1440; x_wconf 85' lang='lat'><strong><em>=</em></strong></span> <span class='ocrx_word' id='word_1_65' title='bbox 993 1424 1037 1447; x_wconf 83' lang='lat' dir='ltr'><strong>ex</strong></span> <span class='ocrx_word' id='word_1_66' title='bbox 1055 1413 1263 1448; x_wconf 84' lang='lat' dir='ltr'><strong>coniectura</strong></span> <span class='ocrx_word' id='word_1_67' title='bbox 1287 1414 1455 1458; x_wconf 84' lang='lat' dir='ltr'><strong>positum.</strong></span> 
     </span>
     <span class='ocr_line' id='line_1_9' title="bbox 805 1479 1196 1515; baseline 0.003 -2"><span class='ocrx_word' id='word_1_68' title='bbox 805 1479 830 1513; x_wconf 83' lang='lat' dir='ltr'><strong>f.</strong></span> <span class='ocrx_word' id='word_1_69' title='bbox 925 1496 969 1507; x_wconf 62' lang='grc' dir='ltr'><strong>Ξ</strong></span> <span class='ocrx_word' id='word_1_70' title='bbox 991 1479 1086 1514; x_wconf 88' lang='lat' dir='ltr'><strong>filius</strong></span> <span class='ocrx_word' id='word_1_71' title='bbox 1110 1479 1196 1515; x_wconf 84' lang='lat' dir='ltr'><strong>filia.</strong></span> 
     </span>
     <span class='ocr_line' id='line_1_10' title="bbox 808 1545 1134 1581; baseline 0 -2"><span class='ocrx_word' id='word_1_72' title='bbox 808 1545 843 1579; x_wconf 74' lang='lat' dir='ltr'><strong>fl,</strong></span> <span class='ocrx_word' id='word_1_73' title='bbox 926 1563 968 1573; x_wconf 71' lang='lat'><strong>:-</strong></span> <span class='ocrx_word' id='word_1_74' title='bbox 992 1545 1134 1581; x_wconf 84' lang='lat' dir='ltr'><strong>fluuius.</strong></span> 
     </span>
    </p>
   </div>
   <div class='ocr_carea' id='block_1_3' title="bbox 807 1614 1315 1803">
    <p class='ocr_par' dir='ltr' id='par_1_4' title="bbox 807 1614 1315 1803">
     <span class='ocr_line' id='line_1_11' title="bbox 807 1614 1174 1659; baseline 0.005 -11"><span class='ocrx_word' id='word_1_75' title='bbox 807 1623 890 1658; x_wconf 90' lang='lat' dir='ltr'><strong>opp.</strong></span> <span class='ocrx_word' id='word_1_76' title='bbox 924 1630 968 1641; x_wconf 91' lang='lat'><strong><em>=</em></strong></span> <span class='ocrx_word' id='word_1_77' title='bbox 993 1614 1174 1659; x_wconf 88' lang='lat' dir='ltr'><strong>oppidum.</strong></span> 
     </span>
     <span class='ocr_line' id='line_1_12' title="bbox 807 1681 1150 1718; baseline 0.009 -3"><span class='ocrx_word' id='word_1_78' title='bbox 807 1681 879 1716; x_wconf 84' lang='lat' dir='ltr'><strong>uid.</strong></span> <span class='ocrx_word' id='word_1_79' title='bbox 928 1699 973 1710; x_wconf 90' lang='lat'><strong><em>=</em></strong></span> <span class='ocrx_word' id='word_1_80' title='bbox 996 1681 1150 1718; x_wconf 83' lang='lat' dir='ltr'><strong>uidetur.</strong></span> 
     </span>
     <span class='ocr_line' id='line_1_13' title="bbox 808 1749 1315 1803; baseline 0 -20"><span class='ocrx_word' id='word_1_81' title='bbox 808 1759 884 1784; x_wconf 83' lang='lat' dir='ltr'><strong>uar.</strong></span> <span class='ocrx_word' id='word_1_82' title='bbox 926 1765 971 1776; x_wconf 88' lang='lat'>=</span> <span class='ocrx_word' id='word_1_83' title='bbox 995 1750 1100 1784; x_wconf 81' lang='lat' dir='ltr'><strong>uaria</strong></span> <span class='ocrx_word' id='word_1_84' title='bbox 1122 1749 1241 1785; x_wconf 87' lang='lat' dir='ltr'><strong>lectio.</strong></span> <span class='ocrx_word' id='word_1_85' title='bbox 1311 1796 1315 1803; x_wconf 29' lang='lat'><strong><em>⁴</em></strong></span> 
     </span>
    </p>
   </div>
   <div class='ocr_carea' id='block_1_4' title="bbox 337 1861 1926 2108">
    <p class='ocr_par' dir='ltr' id='par_1_5' title="bbox 337 1861 1926 2108">
     <span class='ocr_line' id='line_1_14' title="bbox 341 1861 1926 1907; baseline 0 -11"><span class='ocrx_word' id='word_1_86' title='bbox 341 1864 462 1897; x_wconf 86' lang='lat' dir='ltr'><strong>cetera</strong></span> <span class='ocrx_word' id='word_1_87' title='bbox 479 1861 681 1905; x_wconf 82' lang='lat' dir='ltr'><strong>scripturae</strong></span> <span class='ocrx_word' id='word_1_88' title='bbox 699 1861 911 1906; x_wconf 86' lang='lat' dir='ltr'><strong>compendia</strong></span> <span class='ocrx_word' id='word_1_89' title='bbox 936 1861 965 1895; x_wconf 89' lang='lat' dir='ltr'><strong>si</strong></span> <span class='ocrx_word' id='word_1_90' title='bbox 983 1871 1053 1905; x_wconf 85' lang='lat' dir='ltr'><strong>qua</strong></span> <span class='ocrx_word' id='word_1_91' title='bbox 1078 1864 1203 1896; x_wconf 88' lang='lat' dir='ltr'><strong>extant</strong></span> <span class='ocrx_word' id='word_1_92' title='bbox 1226 1861 1390 1905; x_wconf 83' lang='lat' dir='ltr'><strong>uulgaria</strong></span> <span class='ocrx_word' id='word_1_93' title='bbox 1414 1863 1506 1897; x_wconf 88' lang='lat' dir='ltr'><strong>sunt.</strong></span> <span class='ocrx_word' id='word_1_94' title='bbox 1537 1861 1713 1907; x_wconf 77' lang='lat' dir='ltr'><strong>pontifex</strong></span> <span class='ocrx_word' id='word_1_95' title='bbox 1735 1861 1766 1896; x_wconf 85' lang='lat' dir='ltr'><strong>is</strong></span> <span class='ocrx_word' id='word_1_96' title='bbox 1792 1861 1926 1896; x_wconf 81' lang='lat' dir='ltr'><strong>dicitur</strong></span> 
     </span>
     <span class='ocr_line' id='line_1_15' title="bbox 338 1923 1925 1974; baseline -0.001 -10"><span class='ocrx_word' id='word_1_97' title='bbox 338 1929 399 1974; x_wconf 91' lang='lat' dir='ltr'><strong>qui</strong></span> <span class='ocrx_word' id='word_1_98' title='bbox 421 1929 459 1964; x_wconf 90' lang='lat' dir='ltr'><strong>in</strong></span> <span class='ocrx_word' id='word_1_99' title='bbox 485 1928 633 1965; x_wconf 82' lang='lat' dir='ltr'><strong>Graecis</strong></span> <span class='ocrx_word' id='word_1_100' title='bbox 659 1923 864 1974; x_wconf 63' lang='grc' dir='ltr'><em>ἀρχιερεῖ-ς.</em></span> <span class='ocrx_word' id='word_1_101' title='bbox 910 1928 1056 1963; x_wconf 84' lang='lat' dir='ltr'><strong>nomina</strong></span> <span class='ocrx_word' id='word_1_102' title='bbox 1079 1928 1324 1964; x_wconf 83' lang='lat' dir='ltr'><strong>Romanorum</strong></span> <span class='ocrx_word' id='word_1_103' title='bbox 1353 1939 1433 1963; x_wconf 90' lang='lat' dir='ltr'><strong>eum</strong></span> <span class='ocrx_word' id='word_1_104' title='bbox 1462 1928 1580 1964; x_wconf 88' lang='lat' dir='ltr'><strong>locum</strong></span> <span class='ocrx_word' id='word_1_105' title='bbox 1605 1928 1786 1973; x_wconf 88' lang='lat' dir='ltr'><strong>obtinent,</strong></span> <span class='ocrx_word' id='word_1_106' title='bbox 1820 1939 1925 1974; x_wconf 90' lang='lat' dir='ltr'><strong>quem</strong></span> 
     </span>
     <span class='ocr_line' id='line_1_16' title="bbox 337 1995 1926 2040; baseline 0 -9"><span class='ocrx_word' id='word_1_107' title='bbox 337 1999 402 2031; x_wconf 82' lang='lat' dir='ltr'><strong>aut</strong></span> <span class='ocrx_word' id='word_1_108' title='bbox 417 1996 549 2040; x_wconf 84' lang='lat' dir='ltr'><strong>gentile</strong></span> <span class='ocrx_word' id='word_1_109' title='bbox 573 1998 636 2031; x_wconf 85' lang='lat' dir='ltr'><strong>aut</strong></span> <span class='ocrx_word' id='word_1_110' title='bbox 661 2005 856 2040; x_wconf 85' lang='lat' dir='ltr'><strong>cognomen</strong></span> <span class='ocrx_word' id='word_1_111' title='bbox 874 1995 1154 2031; x_wconf 72' lang='lat' dir='ltr'><strong>demonstrabat.</strong></span> <span class='ocrx_word' id='word_1_112' title='bbox 1194 1996 1465 2040; x_wconf 84' lang='lat' dir='ltr'><strong>praenominum</strong></span> <span class='ocrx_word' id='word_1_113' title='bbox 1482 1995 1657 2031; x_wconf 83' lang='lat' dir='ltr'><strong>rationem</strong></span> <span class='ocrx_word' id='word_1_114' title='bbox 1673 1996 1785 2031; x_wconf 86' lang='lat' dir='ltr'><strong>habui</strong></span> <span class='ocrx_word' id='word_1_115' title='bbox 1802 2006 1926 2031; x_wconf 91' lang='lat' dir='ltr'><strong>eorum</strong></span> 
     </span>
     <span class='ocr_line' id='line_1_17' title="bbox 338 2062 1660 2108; baseline -0.001 -10"><span class='ocrx_word' id='word_1_116' title='bbox 338 2063 597 2107; x_wconf 78' lang='lat' dir='ltr'><strong>tantummodo,</strong></span> <span class='ocrx_word' id='word_1_117' title='bbox 623 2072 713 2107; x_wconf 84' lang='lat' dir='ltr'><strong>quae</strong></span> <span class='ocrx_word' id='word_1_118' title='bbox 738 2062 920 2097; x_wconf 79' lang='lat' dir='ltr'><strong>nominum</strong></span> <span class='ocrx_word' id='word_1_119' title='bbox 942 2062 1022 2098; x_wconf 90' lang='lat' dir='ltr'><strong>loco</strong></span> <span class='ocrx_word' id='word_1_120' title='bbox 1047 2066 1141 2108; x_wconf 85' lang='lat' dir='ltr'><strong>sunt,</strong></span> <span class='ocrx_word' id='word_1_121' title='bbox 1167 2066 1230 2098; x_wconf 86' lang='lat' dir='ltr'><strong>aut</strong></span> <span class='ocrx_word' id='word_1_122' title='bbox 1255 2063 1358 2108; x_wconf 87' lang='lat' dir='ltr'><strong>siqua</strong></span> <span class='ocrx_word' id='word_1_123' title='bbox 1381 2066 1484 2099; x_wconf 85' lang='lat' dir='ltr'><strong>erant</strong></span> <span class='ocrx_word' id='word_1_124' title='bbox 1508 2063 1660 2098; x_wconf 83' lang='lat' dir='ltr'><strong>rariora.</strong></span> 
     </span>
    </p>
   </div>
   <div class='ocr_carea' id='block_1_5' title="bbox 2112 0 2155 3296">
    <p class='ocr_par' dir='ltr' id='par_1_6' title="bbox 2112 0 2155 3296">
     <span class='ocr_line' id='line_1_18' title="bbox 2112 0 2155 3296; baseline 0 0"><span class='ocrx_word' id='word_1_125' title='bbox 2112 0 2155 3296; x_wconf 95' lang='lat' dir='ltr'><strong> </strong></span> 
     </span>
    </p>
   </div>
  </div>
 </body>
</html>
