2155 3296
641 428 1024 483 OORRIGENDA
1060 429 1126 482 IN
1164 429 1292 484 VOL.
1329 430 1430 484 VII.

236 560 303 596 sub
331 570 357 596 s.
384 557 503 604 α’βαϊθ
526 571 673 606 repone:
700 562 942 599 sacerdotalis.

260 642 274 654 „
326 614 563 662 Ἀλέξανδρος
591 620 603 651 1
633 628 666 651 u.
692 619 710 651 8
737 626 889 661 repone:
913 616 963 650 XI
990 617 1181 650 340-344.

261 697 275 709 „
326 665 561 716 Ἀλέξανδρος
589 673 626 704 17
653 680 803 715 repone:
830 669 910 703 BII
935 672 1011 704 235.

259 751 272 761 ,.
326 719 468 766 Ἀλεξᾱς
493 726 512 757 5
537 723 645 758 adde:
674 719 973 767 cf.'.41:5§avdpog
1000 724 1052 756 17.

262 804 275 815 ..
326 772 572 821 Ἀντίπατρος
597 779 615 810 3
640 787 673 820 p.
695 779 734 810 12
760 787 793 811 u.
824 779 840 809 7
867 775 957 811 adde
980 774 1067 811 XIV
1087 777 1161 810 159.
1188 773 1249 808 BI
1279 777 1331 811 81.

261 859 275 869 ..
325 826 473 876 Ἀρέτας
496 841 533 865 u.
558 833 575 863 7
601 839 751 873 repone:
777 829 840 863 BI
868 831 941 863 159.

259 911 273 924 „
324 880 530 930 Ἀρισταῖος
553 882 657 917 adde:
685 882 759 917 eius
784 882 874 917 liber
897 881 1067 917 laudatur
1091 882 1155 916 XII
1174 886 1249 918 100.

259 965 273 977 ,,
324 932 507 983 ἀσσάρων
530 935 638 971 adde:
664 935 716 970 ΙΙΙ
737 938 813 970 320.

258 1018 272 1031 ‚,
323 989 501 1027 Γαυλάνα
526 989 636 1024 adde:
661 990 850 1031 Γαυλανίς
875 999 919 1023 ex
943 989 1034 1024 coni.
1059 988 1147 1023 XIII
1165 992 1241 1024 375.

260 1071 274 1083 ‚.
323 1045 497 1089 Γίσχαλα
522 1054 556 1078 u.
583 1046 602 1077 4
626 1052 778 1087 repone:
804 1045 833 1076 B
850 1043 885 1077 ΙΙ
910 1046 974 1077 575
1001 1044 1078 1087 (pro
1105 1046 1183 1084 574)
1208 1045 1244 1078 et
1268 1045 1332 1078 629
1359 1045 1434 1087 (pro
1461 1045 1551 1085 625).

256 1125 270 1137 ‚‚
320 1099 473 1142 Γρᾶτος
497 1099 516 1130 2
541 1095 648 1130 adde:
673 1095 794 1131 XVIII
813 1099 867 1131 33.
893 1098 946 1130 35.
987 1095 1069 1130 uide
1096 1091 1300 1140 Οὐαλέριος
1325 1099 1487 1144 Γρᾶτος.

253 1178 268 1189 .,
321 1153 474 1196 Γρᾶτος
498 1152 518 1184 4
543 1150 636 1184 idem
660 1152 715 1185 est
738 1159 781 1184 ac
806 1152 838 1194 2,
863 1159 972 1194 quare
997 1149 1167 1184 delendus
1193 1153 1257 1185 est.

250 1231 265 1245 „
317 1201 552 1250 Εὐρύχωρον
575 1213 726 1248 repone:
752 1203 816 1238 AI
843 1205 905 1238 118
931 1205 1007 1247 (pro
1033 1204 1062 1235 B
1080 1203 1096 1236 I
1123 1205 1212 1245 118).

253 1285 268 1299 „
319 1260 524 1305 Ζεβεδαῖος
547 1266 696 1302 repone:
722 1257 819 1292 tribu
841 1257 1006 1292 Iudaeus.

252 1339 266 1352 2,
317 1310 437 1358 Ζεβής
461 1321 611 1356 repone:
638 1321 660 1346 a
684 1311 861 1346 Gedeone.

251 1393 265 1407 „
312 1362 515 1413 Ἡρώδειον
539 1367 555 1399 4
584 1375 616 1400 u.
643 1367 661 1399 2
687 1375 835 1409 repone:
861 1364 907 1399 ab
931 1363 1084 1399 Herode.

252 1447 266 1461 „
311 1417 473 1466 Ἡρώδης
495 1422 515 1454 6
539 1428 689 1464 repone:
715 1419 943 1463 Selampsius.

252 1499 266 1512 ‚‚
320 1469 432 1514 Θάτις
456 1481 607 1516 repone:
633 1470 848 1506 Mattathiae
872 1473 950 1515 (pro
975 1469 1214 1513 Hasmonaei).

249 1553 262 1565 .‚
316 1521 490 1571 Ἰαζωρός
513 1535 660 1569 repone:
686 1523 757 1559 XII
776 1527 853 1560 329.

247 1606 261 1619 „
310 1575 556 1626 Ἱεροσόλυμα
581 1589 615 1623 p.
638 1581 680 1612 40
706 1578 810 1613 0012
835 1589 870 1613 u.
898 1579 940 1612 20
965 1577 1026 1612 inf.
1053 1577 1161 1612 adde:
1187 1574 1295 1622 καινὴ
1321 1574 1430 1619 πόλις
1456 1578 1484 1610 Β
1501 1577 1536 1611 ΙΙ
1563 1579 1637 1611 530.

838 1643 872 1666 u.
903 1633 941 1665 19
991 1658 1005 1670 ‚‚
1094 1658 1108 1671 „
1200 1630 1245 1665 cf.
1269 1626 1409 1677 Ὀφλάς.

749 1658 768 1725 ”,
841 1696 875 1720 u.
905 1688 945 1720 14
996 1711 1010 1725 ,‚
1060 1694 1193 1729 repone
1217 1685 1247 1718 B
1263 1683 1295 1720 V
1321 1687 1397 1719 331.

750 1766 765 1779 ,,
836 1750 872 1774 u.
902 1742 937 1773 11
992 1764 1007 1777 ‚.
1117 1765 1131 1776 ,,
1217 1737 1292 1772 BV
1322 1740 1395 1772 146.
1421 1741 1456 1773 et
1482 1737 1558 1772 BV
1584 1740 1639 1772 55.

749 1819 763 1832 „
837 1804 870 1827 u.
902 1795 941 1827 10
992 1818 1006 1831 ,‚
1118 1818 1132 1827 ..
1220 1792 1250 1825 Β
1267 1791 1316 1826 VI
1341 1794 1405 1826 370
1419 1802 1470 1835 sq.

622 1871 637 1885 „
749 1872 763 1885 ‚‚
839 1857 872 1880 u.
923 1848 942 1880 9
990 1872 1005 1885 „
1118 1871 1133 1884 „
1194 1844 1365 1879 aedificiis
1378 1844 1654 1880 addetheatrum
1670 1844 1736 1879 XV
1753 1847 1817 1880 268

247 1926 261 1939 ,,
428 1925 444 1939 ,,
584 1909 618 1944 p.
637 1902 673 1933 41
704 1899 770 1935 col.
792 1902 805 1933 1
834 1910 869 1935 u.
895 1901 937 1934 20
962 1908 1111 1943 repone:
1138 1899 1168 1931 B
1185 1899 1216 1934 V
1245 1901 1318 1934 145.
1358 1899 1576 1943 Στρουθίου
1598 1902 1663 1933 etc.

246 1980 260 1994 ,‚
307 1950 479 1989 Ἰουδαῖοι
502 1964 537 1998 p.
556 1955 599 1988 43
626 1953 691 1988 col.
710 1956 740 1988 2.
766 1964 801 1989 u.
828 1955 870 1988 26
894 1952 984 1988 adde
1008 1952 1093 1987 XIV
1120 1955 1196 1988 113.

220 2017 254 2051 p.
274 2009 314 2041 55
343 2004 488 2049 Μάθας
511 2017 546 2052 p.
567 2010 607 2041 55
632 2010 714 2051 post
739 2005 905 2051 Μάζακα
931 2006 1118 2052 ponendus
1144 2009 1229 2041 erat.

640 2243 1026 2298 GORRIGENDA
1061 2243 1128 2297 IN
1166 2242 1293 2296 VOL.
1319 2242 1399 2296 VI.

333 2387 506 2424 Confecto
524 2388 663 2423 demum
675 2388 854 2424 uolumine
872 2392 973 2424 sexto
992 2388 1140 2432 contigit
1156 2388 1251 2432 mihi,
1269 2390 1309 2423 ut
1325 2387 1539 2423 liberalitate
1551 2387 1815 2432 praefectorum

218 2440 456 2477 bibliothecae
469 2441 652 2477 Parisinae
669 2442 781 2477 codex
794 2442 822 2476 P
840 2442 1036 2485 (Parisinus
1054 2445 1151 2484 1425)
1170 2443 1241 2478 huc
1258 2442 1467 2484 mitteretur,
1491 2441 1527 2476 in
1545 2452 1613 2486 quo
1633 2445 1667 2477 et
1683 2443 1814 2478 multos

218 2493 309 2530 alios
325 2494 424 2530 locos
448 2495 578 2538 euolui,
603 2494 647 2530 de
672 2495 801 2539 quibus
818 2505 890 2530 non
907 2495 993 2530 satis
1013 2499 1177 2531 constare
1192 2495 1392 2536 uidebatur,
1419 2497 1454 2530 et
1469 2494 1528 2529 lib.
1547 2494 1582 2529 11
1605 2496 1625 2538 ξ
1645 2498 1687 2530 39
1696 2498 1814 2540 -341,

216 2548 270 2583 111
287 2552 304 2584 1
322 2569 364 2574 —
385 2551 426 2584 28
445 2549 561 2584 denuo
579 2548 726 2592 contuli,
743 2550 783 2583 ut
801 2548 843 2584 de
859 2548 930 2584 fide
945 2558 1025 2584 mea
1043 2549 1172 2585 certior
1188 2548 1319 2584 fierem.
1352 2548 1435 2584 inde
1451 2548 1619 2593 apparuit
1635 2549 1812 2584 interdum

215 2601 259 2637 de
275 2602 303 2637 P
319 2613 376 2638 me
392 2613 463 2639 non
480 2605 577 2638 recte
595 2602 786 2644 rettulisse,
807 2613 898 2647 quae
915 2613 1009 2638 nunc
1028 2603 1238 2647 corrigenda
1258 2612 1413 2648 appono,
1434 2602 1562 2637 additis
1579 2601 1657 2638 aliis
1682 2602 1812 2637 errori-

214 2656 283 2692 bus
307 2656 448 2692 interim
467 2656 661 2701 deprensis.

213 2708 325 2754 praef.
350 2709 403 2744 IX
496 2721 530 2745 u.
559 2713 598 2744 17
624 2719 775 2755 repone:
802 2710 1084 2754 quaternionem.

348 2762 451 2799 XXV
505 2791 520 2805 „
581 2767 596 2799 1
694 2791 710 2805 „
804 2764 922 2799 semel.

349 2817 451 2852 LXII
505 2845 520 2859 „
558 2820 596 2852 15
693 2845 708 2858 „
802 2817 937 2852 ascirit.

348 2870 469 2905 LXIII
493 2870 694 2906 addendum
719 2873 796 2905 erat
820 2870 1059 2915 Porphyrium
1084 2869 1198 2906 solum
1223 2879 1346 2904 uerum
1370 2867 1559 2904 tradidisse
1583 2878 1618 2912 p.
1648 2869 1722 2910 181,
1748 2870 1778 2902 5.

349 2923 467 2959 LXVI
491 2935 525 2959 u.
551 2927 594 2960 26
620 2933 770 2969 repone:
796 2929 958 2968 possunt.
